@article{blanchette2019bindings,
  title={Bindings as bounded natural functors},
  author={Blanchette, Jasmin Christian and Gheri, Lorenzo and Popescu, Andrei and Traytel, Dmitriy},
  journal={Proceedings of the ACM on Programming Languages},
  volume={3},
  number={POPL},
  pages={1--34},
  year={2019},
  publisher={ACM New York, NY, USA}
}

@inproceedings{traytel2012foundational,
  title={Foundational, compositional (co) datatypes for higher-order logic: Category theory applied to theorem proving},
  author={Traytel, Dmitry and Popescu, Andrei and Blanchette, Jasmin C},
  booktitle={2012 27th Annual IEEE Symposium on Logic in Computer Science},
  pages={596--605},
  year={2012},
  organization={IEEE}
}

@inproceedings{aydemir2005mechanized,
  title={Mechanized metatheory for the masses: The POPLmark challenge},
  author={Aydemir, Brian E and Bohannon, Aaron and Fairbairn, Matthew and Foster, J Nathan and Pierce, Benjamin C and Sewell, Peter and Vytiniotis, Dimitrios and Washburn, Geoffrey and Weirich, Stephanie and Zdancewic, Steve},
  booktitle={International Conference on Theorem Proving in Higher Order Logics},
  pages={50--65},
  year={2005},
  organization={Springer}
}